
% Journals

% First the Full Name is given, then the abbreviation used in the AMS Math
% Reviews, with an indication if it could not be found there.
% Note the 2nd overwrites the 1st, so swap them if you want the full name.


@Article{Koren09,
  author        = "Yehuda Koren and Robert Bell and Chris Volinsky",
  title         = "Matrix Factorization Techniques for Recommender Systems",
  journal       = "Computer",
  volume        = "42",
  number        = "8",
  month         = aug,
  year          = "2009",
  pages         = "30--37",
  doi           = "10.1109/MC.2009.263",
  url           = "",
  note          = "",
}
@InProceedings{Rashid02,
  author        = "Al Mamunur Rashid and Istvan Albert and Dan Cosley and Shyong K. Lam and Sean M. McNee and Joseph A. Konstan and John Riedl",
  title         = "Getting to Know You: Learning New User Preferences in Recommender Systems",
  booktitle     = "Proceedings of the 7th International Conference on Intelligent User Interfaces (IUI '02)",
  pages         = "127--134",
  year          = "2002",
  organization  = "ACM",
  address       = "New York",
  note          = "",
}
@InProceedings{Cosley07,
  author        = "Dan Cosley and Daniel Frankowski and Loren Terveen and John Riedl",
  title         = "SuggestBot: Using Intelligent Task Routing to Help People Find Work in Wikipedia",
  booktitle     = "Proceedings of the 12th International Conference on Intelligent User Interfaces (IUI '07)",
  pages         = "32--41",
  year          = "2007",
  organization  = "ACM",
  address       = "New York",
  note          = "",
}
@article{LOEPP201921,
title = {Interactive recommending with Tag-Enhanced Matrix Factorization (TagMF)},
journal = {International Journal of Human-Computer Studies},
volume = {121},
pages = {21-41},
year = {2019},
note = {Advances in Computer-Human Interaction for Recommender Systems},
issn = {1071-5819},
doi = {https://doi.org/10.1016/j.ijhcs.2018.05.002},
url = {https://www.sciencedirect.com/science/article/pii/S1071581918302192},
author = {Benedikt Loepp and Tim Donkers and Timm Kleemann and Jürgen Ziegler},
}
@inproceedings{Pathak17,
author = {Pathak, Apurva and Gupta, Kshitiz and McAuley, Julian},
title = {Generating and Personalizing Bundle Recommendations on Steam},
year = {2017},
isbn = {9781450350228},
publisher = {Association for Computing Machinery},
address = {New York, NY, USA},
url = {https://doi.org/10.1145/3077136.3080724},
doi = {10.1145/3077136.3080724},
booktitle = {Proceedings of the 40th International ACM SIGIR Conference on Research and Development in Information Retrieval},
pages = {1073–1076},
numpages = {4},
location = {Shinjuku, Tokyo, Japan},
series = {SIGIR '17}
}

@InProceedings{ForbesZhu11,
  author        = "Paul Forbes and Min Zhu",
  title         = "Content-Boosted Matrix Factorization for Recommender Systems: Experiments with Recipe Recommendation",
  booktitle     = "Proceedings of the 5th ACM Conference on Recommender Systems (RecSys '11)",
  pages         = "261--264",
  year          = "2011",
  organization  = "ACM",
  address       = "New York, NY, USA",
  doi           = "10.1145/2043932.2043979",
  url           = "http://dx.doi.org/10.1145/2043932.2043979",
  note          = "",
}

@inproceedings{Rossetti13,
author = {Rossetti, Marco and Stella, Fabio and Zanker, Markus},
year = {2013},
month = {09},
pages = {},
title = {Towards Explaining Latent Factors with Topic Models in Collaborative Recommender Systems},
journal = {Proceedings - International Workshop on Database and Expert Systems Applications, DEXA},
doi = {10.1109/DEXA.2013.26}
}

@misc{kunkel18,
      title={Understanding Latent Factors Using a GWAP}, 
      author={Johannes Kunkel and Benedikt Loepp and Jürgen Ziegler},
      year={2018},
      eprint={1808.10260},
      archivePrefix={arXiv},
      primaryClass={cs.IR}
}

@Article{KonstanRiedl12,
  author  = {Joseph A. Konstan and John Riedl},
  title   = {Recommender systems: from algorithms to user experience},
  journal = {User Modeling and User-Adapted Interaction},
  volume  = {22},
  pages   = {101--123},
  year    = {2012},
  doi     = {10.1007/s11257-011-9112-x},
  url     = {https://doi.org/10.1007/s11257-011-9112-x},
}

@inproceedings{Donkers16,
author = {Donkers, Tim and Loepp, Benedikt and Ziegler, Jürgen},
year = {2016},
month = {09},
pages = {},
title = {Towards Understanding Latent Factors and User Profiles by Enhancing Matrix Factorization with Tags}
}